@article{Yee,
  author={Kane Yee},
  journal={IEEE Transactions on Antennas and Propagation}, 
  title={Numerical solution of initial boundary value problems involving maxwell's equations in isotropic media}, 
  year={1966},
  volume={14},
  number={3},
  pages={302-307},
  keywords={Boundary value problems;Maxwell equations;Difference equations;Finite difference methods;Boundary conditions;Electromagnetic scattering;Partial differential equations;EMP radiation effects;Conductors;Differential equations},
  doi={10.1109/TAP.1966.1138693}
}

@unpublished{Schneider,
  title = {{Understanding the Finite-Difference Time-Domain Method}},
  author = {John B. Schneider},
  year = {2010},
  url = {https://eecs.wsu.edu/~schneidj/ufdtd/}
}

@inbook{Trefethen,
  author = {Lloyd N. Trefethen},
  title = {Finite Difference and Spectral Methods for Ordinary and Partial Differential Equations},
  year = {1996},
  chapter = 4,
  url = {https://people.maths.ox.ac.uk/trefethen/4all.pdf}
}

@misc{Roomi,
  title = {{Grid Staggering}},
  author = {Thaer Obaid Roomi},
  url = {hhttps://uomustansiriyah.edu.iq/media/lectures/6/6_2022_05_10!08_53_05_PM.pdf},
  year = {2017},
  publisher = {Mustansiriyah University},
}

@misc{Yew,
  title = {{Numerical differentiation: finite differences}},
  author = {Alice Yew},
  url = {https://www.dam.brown.edu/people/alcyew/handouts/numdiff.pdf},
  year = {2011},
  publisher = {Brown University},
}

@misc{Ohner,
  title = {{Two Dimensional Finite Difference Time Domain Computation of Electromagnetic Fields in Python}},
  author = {Gernot Ohner},
  url = {https://static.uni-graz.at/fileadmin/_Persoenliche_Webseite/puschnig_peter/unigrazform/Theses/Ohner_FDTD_Bachelorarbeit_final.pdf},
  year = {2018},
  month = mar,
  publisher = {Institut fur Physik der Karl-Franzens Universitat Graz},
}

@misc{Utah,
  title = {{The Finite-Difference Time-Domain Method (FDTD)}},
  url = {https://my.ece.utah.edu/~ece6340/LECTURES/lecture%2014/FDTD.pdf},
  publisher = {University of Utah} 
}

@article{Zhao,
title = {A high definition, finite difference time domain method},
journal = {Applied Mathematical Modelling},
volume = {27},
number = {5},
pages = {409-419},
year = {2003},
issn = {0307-904X},
doi = {https://doi.org/10.1016/S0307-904X(03)00049-0},
url = {https://www.sciencedirect.com/science/article/pii/S0307904X03000490},
author = {Huawei Zhao and Stuart Crozier and Feng Liu},
keywords = {FDTD, High definition finite difference time domain, Human body model, MRI field gradients},
}